<record><leader>00000cas a22000007a 4500</leader><controlfield tag="001">20085811</controlfield><controlfield tag="008">890728d18671867gaucr ne      0    0eng d</controlfield><datafield ind1=" " ind2=" " tag="010"><subfield code="a">sn 88054091 </subfield></datafield><datafield ind1=" " ind2=" " tag="040"><subfield code="a">NLG</subfield><subfield code="b">eng</subfield><subfield code="c">NLG</subfield><subfield code="d">CNK</subfield><subfield code="d">GUA</subfield><subfield code="d">OCLCQ</subfield><subfield code="d">OCLCF</subfield><subfield code="d">OCLCO</subfield></datafield><datafield ind1="1" ind2=" " tag="029"><subfield code="a">AU@</subfield><subfield code="b">000020549257</subfield></datafield><datafield ind1=" " ind2=" " tag="042"><subfield code="a">msc</subfield></datafield><datafield ind1=" " ind2=" " tag="043"><subfield code="a">n-us-ga</subfield></datafield><datafield ind1="0" ind2=" " tag="130"><subfield code="a">Southern enterprise (Thomasville, Ga. : Semiweekly)</subfield></datafield><datafield ind1="1" ind2="0" tag="245"><subfield code="a">Southern enterprise.</subfield></datafield><datafield ind1="1" ind2="3" tag="246"><subfield code="a">Semi-weekly Southern enterprise</subfield></datafield><datafield ind1=" " ind2=" " tag="260"><subfield code="a">Thomasville, Ga. :</subfield><subfield code="b">L.C. Bryan,</subfield><subfield code="c">[1867]</subfield></datafield><datafield ind1=" " ind2=" " tag="300"><subfield code="a">v.</subfield></datafield><datafield ind1=" " ind2=" " tag="310"><subfield code="a">Semiweekly</subfield></datafield><datafield ind1="0" ind2=" " tag="362"><subfield code="a">Vol. 7, no. 1 (Jan. 2, 1867)-v. 7, no. 101 (Dec. 20, 1867).</subfield></datafield><datafield ind1=" " ind2=" " tag="530"><subfield code="a">Also on microfilm: Wooster, Ohio : Micro Photo Division, Bell and Howell.</subfield></datafield><datafield ind1=" " ind2="0" tag="651"><subfield code="a">Thomasville (Ga.)</subfield><subfield code="v">Newspapers.</subfield></datafield><datafield ind1=" " ind2="0" tag="651"><subfield code="a">Thomas County (Ga.)</subfield><subfield code="v">Newspapers.</subfield></datafield><datafield ind1=" " ind2="7" tag="655"><subfield code="a">Newspapers.</subfield><subfield code="2">fast</subfield><subfield code="0">(OCoLC)fst01423814</subfield></datafield><datafield ind1=" " ind2="7" tag="651"><subfield code="a">Georgia</subfield><subfield code="z">Thomas County.</subfield><subfield code="2">fast</subfield><subfield code="0">(OCoLC)fst01206849</subfield></datafield><datafield ind1=" " ind2="7" tag="651"><subfield code="a">Georgia</subfield><subfield code="z">Thomasville.</subfield><subfield code="2">fast</subfield><subfield code="0">(OCoLC)fst01217759</subfield></datafield><datafield ind1=" " ind2=" " tag="752"><subfield code="a">United States</subfield><subfield code="b">Georgia</subfield><subfield code="c">Thomas</subfield><subfield code="d">Thomasville.</subfield></datafield><datafield ind1="0" ind2="0" tag="780"><subfield code="t">Southern enterprise (Thomasville, Ga. : 1865)</subfield><subfield code="w">(DLC)sn 88054092</subfield></datafield><datafield ind1="0" ind2="0" tag="785"><subfield code="t">Southern enterprise (Thomasville, Ga. : Weekly)</subfield></datafield></record>